%% Bibliography for project overview

@article{cheng2018query,
  title={Query-efficient hard-label black-box attack: An optimization-based approach},
  author={Cheng, Minhao and Le, Thong and Chen, Pin-Yu and Yi, Jinfeng and Zhang, Huan and Hsieh, Cho-Jui},
  journal={arXiv preprint arXiv:1807.04457},
  year={2018}
}

@article{xu2018structured,
  title={Structured adversarial attack: Towards general implementation and better interpretability},
  author={Xu, Kaidi and Liu, Sijia and Zhao, Pu and Chen, Pin-Yu and Zhang, Huan and Fan, Quanfu and Erdogmus, Deniz and Wang, Yanzhi and Lin, Xue},
  journal={arXiv preprint arXiv:1808.01664},
  year={2018}
}

@article{chun2020uniform,
  title={Uniform recovery from subgaussian multi-sensor measurements},
  author={Chun, Il Yong and Adcock, Ben},
  journal={Applied and Computational Harmonic Analysis},
  volume={48},
  number={2},
  pages={731--765},
  year={2020},
  publisher={Elsevier}
}